@article{thermal1,
  author = 	"Rick Merritt",
  title =	"{Multicore MPUs go mainstream}",
  journal =	"{EE Times (http://www.eetimes.com)}", 
  month = 	9,
  year = 	2004
}
@article{thermal2,
  author = 	"Tom Krazit",
  title =	"Intel looks to clarify strategy and execution",
  journal =	"{Computer Weekly (http://www.computerweekly.com)}", 
  month = 	"September",
  year = 	2004
}

@book{rojas,
  author =	"R. Rojas",
  title =	"{Die Rechenmaschinen Von Konrad Zuse (in German)}",
  publisher =	"{Springer Verlag}",
  city =	"{Berlin Heidelberg New York}",
  year = 	1998
}

@inproceedings{ODLD86,
	author ="W. J. Ouchark and J. A. Davis and S. Lakshmivarahan and S. K. Dhall",
	title = "{Experiences with the Intel Hypercube}", 
	booktitle = "{Proceedings of the 1986 workshop on Applied computing}",
	pages ="2-7",
	year = "1986"
}

@book{neumann,
  editor =	"A.H. Taub",
  title =    "{John von Neumann Collected Works}",
  publisher =   "The Macmillan Co., New York",
  volume =	"V",
  year = 	1963
}
@incollection{neumann1void,
  author = 	"H.H. Goldstine and J. von Neumann",
  title =	"On the principles of large scale computing machines.",
  editor =	"A.H. Taub",
  booktitle =    "{John von Neumann Collected Works}",
  publisher =   "The Macmillan Co., New York",
  volume =	"V",
  pages =	"1-32",
  year = 	1963
}
@incollection{neumann2void,
  author = 	"A.W. Burks and H.H. Goldstine and J. von Neumann",
  title =	"Preliminary discussion of the logical design of an electronic computing instrument",
  editor =   	"A.H. Taub",
  booktitle =   "{John von Neumann Collected Works}",
  publisher =   "The Macmillan Co., New York",
  volume =	"V",
  pages =	"34-79",
  year = 	1963
}
@incollection{neumann3,
  author = 	"N. Stern",
  title =	"{J. von Neumann: First draft of a report on the EDVAC.}",
  booktitle =   "{From ENIAC to Univac: An Appraisal of the Eckert-Mauchly Computers}",
  publisher =	"Digital Press, Bedford Massachusetts",
  year = 	"1981"
}
@misc{neumann4,
  author = 	"H. Norton Riley",
  title =	"{The von Neumann Architecture of Computer Systems}",
  publisher =	"{Computer Science Department, California State Polytechnic University, Pomona, California}",
  year = 	"1987",
  note = 	"http://www.csupomona.edu/~hnriley/www/VonN.html"
}

@book{Siewiorek,
  author =	"D.P. Siewiorek and G.C. Bell and A. Newell",
  title =	"{Computer Structures: Principles and Examples.}",
  publisher =	"McGraw-Hill Book Company",
  city =	"New York",
  year = 	"1982"
}

@article{AmBlBr,
  author = 	"G.M. Amdahl and G.A. Blaauw and F.P. Brooks",
  title =	"{Architecture of the IBM System/360.}",
  journal =	"{IBM Journal of Research and Development}",
  volume =	"8,2",
  pages =	"87-101",
  month =	"April",
  year = 	1964
}
@Book{Blaauw:1997:CAC,
  author =       "Gerrit A. Blaauw and Frederick P. {Brooks, Jr.}",
  title =        "Computer architecture: concepts and evolution",
  publisher =    pub-AW,
  address =      pub-AW:adr,
  pages =        "xlviii + 1213",
  year =         "1997",
  ISBN =         "0-201-10557-8",
  LCCN =         "QA76.9.A73 B57 1997",
  bibdate =      "Wed Jul 09 17:22:33 1997",
  price =        "US\$59.95",
  acknowledgement = ack-nhfb,
}


@article{ChPB97,
  author = "Dante R. Chialvo and Per Bak",
  title = "{Learning from Mistakes}",
  journal = "{Brain in the News}",
  year = "1997",
  volume = "4",
  month = 9,
  pages = "6ff"
}

@article{Brom98,
  author = "A.G. Bromley",
  title = "{Charles Babbage's Analytical Engine, 1838}",
  journal = "{Annals of Computer History, IEEE}",
  year = "1998",
  volume = "20",
  issue = "4",
  pages = "29-45"
}

@article{Clym93,
  author = "A.B. Clymer",
  title = "{The mechanical analog computers of Hannibal Ford and William Newell}",
  journal = "{Annals of Computer History, IEEE}",
  year = "1993",
  volume = "15",
  issue = "2",
  pages = "19-34"
}
@article{Buhu99,
  author = "G.H. Buck and S.M. Hunka",
  title = "{W. Stanley Jevons, Allan Marquand, and the origins of digital computing}",
  journal = "{Annals of Computer History, IEEE}",
  year = "1999",
  volume = "21",
  issue = "4",
  pages = "21-27"
}

@article{Edwa01,
  author = "P.N. Edwards ",
  title = "{How to use the Schickard calculator}",
  journal = "{Annals of Computer History, IEEE}",
  year = "2001",
  volume = "23",
  issue = "2",
  pages = "80-87"
}

@manual{Nill99,
  author = "B. Nill",
  title = "{Java 3D-Simulation of the Schickard Calculator from 1623}",
  year = "1999",
  organization = "WSI/GRIS, University of T{\"u}bingen",
  note = "http://www.gris.uni-tuebingen.de/projects/schickard/index.html"
}
@book{ABC+90,
	author ="W. Aspray and A. G. Bromley and M. Campbell-Kelly and P.E. Ceruzzi and M. R. Williams",
	title = "{Computing Before Computers}",
	year = "1990",
	note = "http://ed-thelen.org/comp-hist/CBC.html",
	publisher = "Iowa State University Press"
}

@book{Rama91,
	author ="S. Ramachandramurthi",
	title = "{iPSC/860 Guide}",
	year = "1991",
	note = "http://csep1.phy.ornl.gov/ipsc860\_guide/ ipsc860\_guide.html",
	publisher = "University of Tennessee"
}

@article{Heid97,
  author = "L. Heide",
  title = "{American punched card systems 1880-1914}",
  journal = "{Annals of Computer History, IEEE}",
  year = "1997",
  volume = "19",
  issue = "4",
  pages = "28-41"
}

@article{Kist95,
  author = "F.W. Kistermann",
  title = "{The way to the first automatic sequence-controlled calculator: The 1935 DEHOMAG D11 Tabulator }",
  journal = "{Annals of Computer History, IEEE}",
  year = "1995",
  volume = "17",
  issue = "2",
  pages = "33-49"
}

@misc{Klot03,
  author = "R. D. Kloth",
  title = "{Cardpunch: punch a punched card}",
  year = "2003",
  note = "http://www.kloth.net/services/cardpunch.php"
}

@article{LMcCL92,
  author = "J. A. N. Lee and J. McCarthy and J.C.R. Licklider ",
  title = "{The beginnings at MIT}",
  journal = "{Annals of Computer History, IEEE}",
  year = "1992",
  volume = "14",
  issue = "1",
  pages = "18-30"
}

@article{LFS+92,
  author = "J. A. N. Lee and R.M. Fano and A.L. Scherr and F.J. Corbato and V.A.Vyssotsky ",
  title = "{Project MAC [time-sharing computing project]}",
  journal = "{Annals of Computer History, IEEE}",
  year = "1992",
  volume = "14",
  issue = "2",
  pages = "9-13"
}
@article{LMDD92,
  author = "F.J. Corbato and M. Merwin-Daggett and R.C. Daley",
  title = "{CTSS-the compatible time-sharing system}",
  journal = "{Annals of Computer History, IEEE}",
  year = "1992",
  volume = "14",
  issue = "1",
  pages = "31-32"
}
@misc{Vlec03,
  author = "T. V. Vleck",
  title = "{The Multicians web site}",
  year = "2003",
  note = "http://www.multicians.org/"
}

@misc{Cray77,
  author = "Cray Research, Inc.",
  title = "{CRAY-1 Computer System Hardware Reference Manual 2240004}",
  year = "1977",
  note = "http://ed-thelen.org/comp-hist/CRAY-1-HardRefMan/CRAY-1-HRM.html"
}

@misc{top500,
  author = "H. Meuer and E. Strohmaier and J. Dongarra and H. D. Simon",
  title = "{Top 500 Supercomputers Sites}",
  year = "2004",
  note = "http://www.top500.org"
}

@misc{650,
  author = "F. da Cruz",
  title = "{The IBM 650 Magnetic Drum Calculator}",
  year = "2004",
  note = "http://www.columbia.edu/acis/history/650.html"
}

@inproceedings{Amda67,
	author = "G. Amdahl",
	title = "{Validity of the Single Processor Approach to Achieving Large-Scale Computing Capabilities}", 
	booktitle = "{AFIPS Conference Proceedings}",
	pages ="483-485",
	year = "1967"
}
@inproceedings{Arla88,
	author = "R. Arlauskas",
	title = "{iPSC/2 system: a second generation hypercube}", 
	booktitle = "{Proceedings of the third conference on Hypercube concurrent computers and applications: Architecture, software, computer systems, and general issues - Volume 1}",
	pages ="38-42",
	year = "1988"
}

@misc{Hick04,
  author = "D. G. Hicks",
  title = "{The Museum of HP Calculators}",
  year = "2004",
  note = "http://www.hpmuseum.org/"
}
@misc{Walk04,
  author = "J. Walker",
  title = "{The Analytical Engine - The First Computer}",
  year = "2004",
  note = "http://www.fourmilab.ch/babbage/"
}
@misc{robotron,
  author = "Ziermann",
  note = "http://nirvana.informatik.uni-halle.de/~ziermann/DE/z1013.html",
  title = "{Der Mikrorechnerbausatz Z1013 - Ein Computer f{\"u}r Hobbybastler (in German)}",
  year = "1999"
}
@misc{stonx,
  author = "F. Naumann",
  note = "http://sourceforge.net/projects/stonx/",
  title = "{An Atari ST emulator for Unix/X and SVGAlib}",
  year = "2004"
}
@misc{vice,
  author = "A. Boose",
  note = "http://www.viceteam.org/",
  title = "{The VICE Emulator}",
  year = "2004"
}
@misc{650sim,
  author = "S. Balay",
  note = "http://infinitefish.com/650/",
  title = "{IBM 650 Simulator}",
  year = ""
}
@misc{herculessim,
  author = "J. Maynard",
  note = "http://www.conmicro.cx/hercules/",
  title ="{The Hercules System/370, ESA/390, and z/Architecture Emulator}",
  year = "2003"
}
@misc{zib,
  author = "R. Rojas",
  year = "2001",
  title = "{Konrad Zuse Internet Archiv}",
  note = "http://www.zib.de/zuse"
}
  
@misc{4004,
  title = "{The Intel 4004 Home}",
  year = "2003",
  note = "http://www.intel4004.com/"
}

@book{gronau2009,
  title={Einführung in die Wirtschaftsinformatik, Band 1},
  author={Gronau, N. and Gäbler, A.},
  number={Bd. 1},
  isbn={9783940019608},
  url={http://books.google.de/books?id=nHrJ3lkWvM8C},
  year={2009},
  publisher={Gito}
}

@article{Boyell,
 author = {Boyell, R. L.},
 title = {Programmed Multiplication on the IBM 407},
 journal = {J. ACM},
 issue_date = {Oct. 1957},
 volume = {4},
 number = {4},
 month = oct,
 year = {1957},
 issn = {0004-5411},
 pages = {442--449},
 numpages = {8},
 url = {http://doi.acm.org/10.1145/320893.320898},
 doi = {10.1145/320893.320898},
 acmid = {320898},
 publisher = {ACM},
 address = {New York, NY, USA},
}

@article{Dee,
author={Dee, R.H.},
journal={Proceedings of the IEEE},
title={Magnetic Tape for Data Storage: An Enduring Technology},
year={2008},
volume={96},
number={11},
pages={1775-1785},
keywords={digital storage;magnetic tape storage;Terabyte native capacity tape cartridges;bit densities;computer data storage device;data rates;digital data storage;magnetic tape recording;magnitude density;storage landscape;tape cartridge capacities;track densities;Application software;Costs;Digital magnetic recording;Disk recording;Libraries;Magnetic devices;Magnetic heads;Magnetic recording;Memory;Robots;Data storage;magnetic recording;magnetic tape},
doi={10.1109/JPROC.2008.2004311},
ISSN={0018-9219},
}

@book{deutschesMuseum,
  title={Informatik und Automatik: Führer durch die Ausstellung},
  author={Weinhart, K.},
  isbn={9783924183141},
  series={Informatik und Automatik},
  url={http://books.google.de/books?id=cYkfAQAAIAAJ},
  year={1990},
  publisher={Deutsches Museum}
}

@book{roeltgen,
  title={Eine Million oder ein Jahr: hinter den Kulissen der IT : ein Insider berichtet},
  author={Roeltgen, C.},
  isbn={9783908497356},
  url={http://books.google.de/books?id=5ArYifOYe3gC},
  year={2006},
  publisher={SmartBooks}
}

@book{sendler,
  title={Das PLM-Kompendium: Referenzbuch des Produkt-Lebenszyklus-Managements},
  author={Sendler, U.},
  isbn={9783540878971},
  url={http://books.google.de/books?id=-MFxuZe0cNkC},
  year={2009},
  publisher={Springer}
}

@book{sandner,
  title={Die Entwicklung der Datenverarbeitung von Hollerith-Lochkartenmaschinen zu IBM-Enterprise-Servern: von 1887 bis 2000, in 10 Epochen, beschrieben},
  author={Sandner, G. and Spengler, W.},
  isbn={9783000196904},
  url={http://books.google.de/books?id=tp8PMQAACAAJ},
  year={2006},
  publisher={G. Sandner}
}

@book{dingwerth,
  title={Grosse und mittlere Hersteller},
  author={Dingwerth, L.},
  isbn={9783921913383},
  lccn={2009412710},
  series={Die Geschichte der deutschen Schreibmaschinen-Fabriken},
  url={http://books.google.de/books?id=nwhpagXq2BMC},
  year={2008},
  publisher={Historisches Schreibmaschinen-Archiv}
}

@article{simons,
  title={Entscheidung vor Gericht},
  author={Simons, S.},
  journal={Der Spiegel},
  volume={46},
  year={2000}
}

@incollection{binnig,
  title={The Millipede--a nanotechnology-based AFM data-storage system},
  author={Binnig, G. K. and Cherubini, G. and Despont, M. and Dürig, U. T. and Eleftheriou, E.},
  booktitle={Springer Handbook of Nanotechnology},
  pages={1601--1632},
  year={2010},
  publisher={Springer}
}

@article{edwards,
  title={Diese Uralt-Technik ist noch immer in Gebrauch},
  author={B. Edwards},
  year={2012},
  url={http://www.pcwelt.de/ratgeber/Steinzeit-heute-Diese-Uralt-Technik-ist-noch-immer-in-Gebrauch-5010370.html}
}

@article{keinVerfasser,
  title={Eine Wahl, wie geschaffen für Anwälte},
  author={ohne Verfasser},
  year={2012},
  url={http://www.zeit.de/politik/ausland/2012-11/usa-wahl-praesident-anwaelte-wahlausgang}
}

@book{restloseErfassung,
  title={Die restlose Erfassung: Volkszählen, Identifizieren, Aussondern im Nationalsozialismus},
  author={Aly, G. and Roth, K.H.},
  isbn={9783880222823},
  lccn={lc84206488},
  series={Rotbuch 3000},
  url={http://books.google.de/books?id=TRZoAAAAMAAJ},
  year={1984},
  publisher={Rotbuch Verlag}
}

@book{priestley2010science,
  title={A Science of Operations: Machines, Logic and the Invention of Programming},
  author={Priestley, M.},
  isbn={9781848825550},
  lccn={2011921403},
  series={History of computing},
  year={2010},
  publisher={Springer London, Limited}
}

@book{austrian1982herman,
  title={Herman Hollerith: Forgotten Giant of Information Processing},
  author={Austrian, G.D.},
  isbn={9780231051477},
  lccn={81007752},
  year={1982},
  publisher={Columbia University Press}
}
